@INPROCEEDINGS{mmurilo-biorob,
    author={Marinho, Murilo M. and Bernardes, Mariana C. and Bo, Antonio P.L.},
    booktitle={Biomedical Robotics and Biomechatronics (2014 5th IEEE RAS EMBS International Conference on},
    title={A programmable remote center-of-motion controller for minimally invasive surgery using the dual quaternion framework},
    year={2014},
    month={Aug},
    pages={339-344},
    keywords={End effectors;Endoscopes;Kinematics;Quaternions;Surgery},
    doi={10.1109/BIOROB.2014.6913799},
    organization={IEEE},
    volume={1},
    address={Sao Paulo, Brazil},
    ISSN={2155-1774}
}

@INPROCEEDINGS{figueredo:2013,
    author={L. F. C. Figueredo and B. V. Adorno and J. Y. Ishihara and G. A. Borges},
    booktitle={2013 IEEE International Conference on Robotics and Automation},
    title={Robust kinematic control of manipulator robots using dual quaternion representation},
    year={2013},
    volume={},
    number={},
    pages={1949-1955},
    keywords={end effectors;H∞control;manipulator kinematics;robust control;robust kinematic control;manipulator robots;H∞robust control problem;unit dual quaternion representation;end-effector transformation;H∞control criteria;asymptotic convergence;system stability;dual quaternion error;robot coordinate changes;Quaternions;Joints;Robot kinematics;Kinematics;Vectors;Manipulators},
    doi={10.1109/ICRA.2013.6630836},
    ISSN={1050-4729},
    month={May}
}

@BOOK{book:siciliano:2009,
  title = {Robotics - Modelling, Planning and Control},
  publisher = {Springer},
  year = {2009},
  author = {Bruno Siciliano and Lorenzo Sciavicco and Luigi Villani and Giuseppe
	Oriolo}
}

@BOOK{book:spong:,
  title = {Robot Modeling And Control},
  publisher = {John Wily \& Sons, INC.},
  year = {2005},
  editor = {John Wily \& Sons, INC.},
  author = {Mark W. Spong and Seth Hutchinson and M. Vidyasagar}
}

@PHDTHESIS{Adorno2011,
  author = {Bruno Vilhena Adorno},
  title = {Two-arm manipulation: from manipulators to enhanced human-robot collaboration},
  school = {Université Montpellier 2},
  year = {2011},
  timestamp = {2011.11.23}
}

@inproceedings{edsinger2004domo,
  title={Domo: a force sensing humanoid robot for manipulation research.},
  author={Edsinger-Gonzales, Aaron and Weber, Jeff},
  booktitle={Humanoids},
  volume={1},
  year={2004}
}
@inproceedings{pratt1995series,
  title={Series elastic actuators},
  author={Pratt, Gill A and Williamson, Matthew M},
  booktitle={Intelligent Robots and Systems 95.'Human Robot Interaction and Cooperative Robots', Proceedings. 1995 IEEE/RSJ International Conference on},
  volume={1},
  pages={399--406},
  year={1995},
  organization={IEEE}
}

@book{sentis2007synthesis,
  title={Synthesis and control of whole-body behaviors in humanoid systems},
  author={Sentis, Luis},
  volume={68},
  number={09},
  year={2007}
}

@misc{hoarau_2015,
  title={Mekabot Wiki},
  url={https://github.com/ahoarau/mekabot/wiki},
  journal={Github},
  author={Hoarau, Antoine},
  year={2015}
}

@misc{mekartfd,
title={welcome to meka-docs documentation! - meka-docs 0.1 documentation 2017},
url={https://meka-docs.readthedocs.io/en/latest/},
journal={Meka-docs.readthedocs.io},
year={2017}
}

@article{Wyeth2008DemonstratingTS,
  title={Demonstrating the safety and performance of a velocity sourced series elastic actuator},
  author={Gordon Wyeth},
  journal={2008 IEEE International Conference on Robotics and Automation},
  year={2008},
  pages={3642-3647}
}

@article{Clifford1871DQ,
author = {Clifford, },
title = {Preliminary Sketch of Biquaternions},
journal = {Proceedings of the London Mathematical Society},
volume = {s1-4},
number = {1},
pages = {381-395},
year = {1871},
doi = {10.1112/plms/s1-4.1.381},
}

@INPROCEEDINGS{Konigorski2012ModelSea, 
author={M. Grün and R. Müller and U. Konigorski}, 
booktitle={2012 4th IEEE RAS EMBS International Conference on Biomedical Robotics and Biomechatronics (BioRob)}, 
title={Model based control of series elastic actuators}, 
year={2012}, 
volume={}, 
number={}, 
pages={538-543}, 
keywords={actuators;control system synthesis;force control;state-space methods;model based control;series elastic actuators;control structure;output force control;actuator linear model;PT2element;disturbance compensator;state space controller design;controller parameters;actuator design;Torque;Actuators;Gears;Force;Springs;DC motors;Sea measurements}, 
doi={10.1109/BioRob.2012.6290300}, 
ISSN={2155-1782}, 
month={June},}